<record><leader>00000cas a22000007a 4500</leader><controlfield tag="001">25251779</controlfield><controlfield tag="008">920210d190219uuohuwr ne      0    0eng d</controlfield><datafield ind1=" " ind2=" " tag="010"><subfield code="a">sn 92063401 </subfield></datafield><datafield ind1=" " ind2=" " tag="040"><subfield code="a">ONP</subfield><subfield code="b">eng</subfield><subfield code="c">ONP</subfield><subfield code="d">OCLCQ</subfield><subfield code="d">OCLCO</subfield></datafield><datafield ind1="1" ind2=" " tag="029"><subfield code="a">AU@</subfield><subfield code="b">000025907342</subfield></datafield><datafield ind1=" " ind2=" " tag="042"><subfield code="a">msc</subfield></datafield><datafield ind1=" " ind2=" " tag="043"><subfield code="a">n-us-oh</subfield></datafield><datafield ind1="0" ind2=" " tag="130"><subfield code="a">Wilmot review (Wilmot, Ohio)</subfield></datafield><datafield ind1="1" ind2="0" tag="245"><subfield code="a">Wilmot review.</subfield></datafield><datafield ind1="1" ind2="3" tag="246"><subfield code="a">Wilmot weekly review</subfield></datafield><datafield ind1=" " ind2=" " tag="260"><subfield code="a">Wilmot, Ohio :</subfield><subfield code="b">R.C. Shanower</subfield></datafield><datafield ind1=" " ind2=" " tag="300"><subfield code="a">v.</subfield></datafield><datafield ind1=" " ind2=" " tag="310"><subfield code="a">Weekly</subfield></datafield><datafield ind1=" " ind2=" " tag="588"><subfield code="a">Description based on: Vol. 21, no. 32 (Jan. 16, 1932).</subfield></datafield><datafield ind1=" " ind2="0" tag="651"><subfield code="a">Wilmot (Ohio)</subfield><subfield code="v">Newspapers.</subfield></datafield><datafield ind1=" " ind2="0" tag="651"><subfield code="a">Stark County (Ohio)</subfield><subfield code="v">Newspapers.</subfield></datafield><datafield ind1=" " ind2=" " tag="752"><subfield code="a">United States</subfield><subfield code="b">Ohio</subfield><subfield code="c">Stark</subfield><subfield code="d">Wilmot.</subfield></datafield><datafield ind1="0" ind2="0" tag="780"><subfield code="t">Wilmot wekkly review</subfield><subfield code="w">(DLC)sn 91075616</subfield></datafield></record>